@manual{pyth,
   title = "The basics of phython",
   note = "http://www.linuxhowtos.org"
}
@manual{pyth,
   title = "phython programming",
   note = "http://www.phybasic.com"
}